<?xml version="1.0" encoding="UTF-8"?><record xmlns="http://www.loc.gov/MARC21/slim" xmlns:cinclude="http://apache.org/cocoon/include/1.0" xmlns:zs="http://www.loc.gov/zing/srw/">
  <leader>00674cz  a2200157n  4500</leader>
  <controlfield tag="001">n  84143693 </controlfield>
  <controlfield tag="003">DLC</controlfield>
  <controlfield tag="005">20081127080855.0</controlfield>
  <controlfield tag="008">841002n| acannaabn          |a ana      </controlfield>
  <datafield tag="010" ind1=" " ind2=" ">
    <subfield code="a">n  84143693 </subfield>
  </datafield>
  <datafield tag="035" ind1=" " ind2=" ">
    <subfield code="a">(OCoLC)oca01214989</subfield>
  </datafield>
  <datafield tag="040" ind1=" " ind2=" ">
    <subfield code="a">DLC</subfield>
    <subfield code="b">eng</subfield>
    <subfield code="c">DLC</subfield>
    <subfield code="d">OCoLC</subfield>
  </datafield>
  <datafield tag="110" ind1="1" ind2=" ">
    <subfield code="a">Sweden.</subfield>
    <subfield code="b">Utredningen om Socialstyrelsens beredskapsuppgifter</subfield>
  </datafield>
  <datafield tag="410" ind1="1" ind2=" ">
    <subfield code="a">Sweden.</subfield>
    <subfield code="b">Socialdepartementet.</subfield>
    <subfield code="b">Utredningen om Socialstyrelsens beredskapsuppgifter</subfield>
  </datafield>
  <datafield tag="410" ind1="1" ind2=" ">
    <subfield code="a">Sweden.</subfield>
    <subfield code="b">Socialstyrelsens beredskapsuppgifter, Utredningen om</subfield>
  </datafield>
  <datafield tag="670" ind1=" " ind2=" ">
    <subfield code="a">Its Ansvar och uppgifter inom Socialstyrelsens beredskapsomraĚde. 1983:</subfield>
    <subfield code="b">t.p. (Socialdepartementet, Utredningen om Socialstyrelsens beredskapsuppgifter)</subfield>
  </datafield>
</record>